@incollection{Gordon2005,
address = {Amsterdam},
author = {Gordon, Mark S and Schmidt, Michael W},
booktitle = {Theory and Applications of Computational Chemistry: the first forty years},
editor = {Dykstra, C E and Frenking, G and Kim, K S and E, Scuseria. G},
pages = {1167--1189},
publisher = {Elsevier},
title = {{Advances in Electronic Structure Theory: GAMESS a Decade Later}},
year = {2005}
}
@ONLINE{foray,
author = {McCormack, Drew},
title = {foraytool, An advanced build tool for Fortran developers.},
year = {2010},
url = {http://code.google.com/p/foraytool/}
}
@article{Bode1998,
author = {Bode, B M and Gordon, M S},
journal = {J.~Mol.~Graphics Modell.},
number = {3},
pages = {133--138},
title = {{MacMolPlt: a graphical user interface for GAMESS.}},
volume = {16},
year = {1998},
url = {http://www.scl.ameslab.gov/MacMolPlt/}
}
@article{Franchini2013,
author = {Franchini, Mirko and Philipsen, Pierre Herman Theodoor and Visscher, Lucas},
journal = {J.~Comput.~Chem.},
number = {21},
pages = {1819--27},
volume = {34},
year = {2013}
}
